@misc{wiki:Font,
   author = "Wikipedia",
   title = "{Font} --- {W}ikipedia{,} The Free Encyclopedia",
   year = "2021",
   howpublished = "\url{http://cs.wikipedia.org/w/index.php?title=Font&oldid=19446303}",
   revised = "Poslední modifikace 6. Února 2021",
   cited = "!2021-04-19"
 }

@book{Felici:The_Complete_Manual_of_Typography,
  title= "The Complete Manual of Typography: A Guide to Setting Perfect Type",
  author= "Felici, J.",
  isbn= "9780321773265",
  lccn= "2012533158",
  year= "2012",
  adress = "Berkeley, CA",  
  publisher="Peachpit Press"
}

@Article{Music_Mayhem:The_History_of_The_First_World_Font,
   author = "Music Mayhem",
   title = "The History of The First World Font",
   journal = "Music Mayhem magazine",
   year = "2019",
   howpublished = "\url{https://musicmayhemmagazine.com/the-history-of-the-first-world-font}"
}

@MasterThesis{Miklova:Pismo_v_aranzerske_a_propagacnni_cinnosti,
   author = "Miklová, Martina",
   title = "Písmo v aranžérské a propagační činnosti",
   school = "Pedagogická fakulta MU",
   address = "Brno",
   year = "2012",
}

@BachelorThesis{Koprivova:Pismo_volny_soubor,
   author = "Kopřivová, Kristýna",
   title = "Písmo-volný soubor",
   school = "Pedagogická fakulta Univerzity Hradec Králové",
   address = "Hradec Králové",
   year = "2017",
}

@Article{Panek:Novy_usvit_tezby,
   author = "Pánek, Jan",
   title = "Nový ústiv těžby",
   journal = "Computer",
   year = "2021",
   number = "4",
   pages = "24--27",
   issn = "1214-8790",
}

@Article{Muller:Poprask_kolem_Bitcoinu,
   author = "Müller, Claudio",
   title = "Poprask kolem Bitcoinu",
   journal = "Chip",
   year = "2013",
   number = "9",
   pages = "8--13",
   issn = "1210-0684",
}

@Article{Computerworld:Trh_kryptomen_stale_zaplavuji_nove_meny,
   author = "Computerworld",
   title = "Trh kryptoměn stále zaplavují nové měny",
   journal = "Computerworld",
   year = "2021",
   issn = "1210-9924",
   howpublished = "\url{https://computerworld.cz/technologie/trh-kryptomen-stale-zaplavuji-nove-meny-56692}"
}

@misc{wiki:Kryptomena,
   author = "Wikipedia",
   title = "{Kryptoměna} --- {W}ikipedia{,} The Free Encyclopedia",
   year = "2021",
   howpublished = "\url{https://cs.wikipedia.org/w/index.php?title=Kryptom\%C4\%9Bna&oldid=19643257}",
   revised = "Poslední modifikace 24. Března 2021",
   cited = "!2021-04-19"
 }

@misc{Bloomenthal:What_Determines_the_Price_of_1_Bitcoin,
   author = "Bloomenthal, Andrew",
   title = "What Determines the Price of 1 Bitcoin?",
   year = "2021",
   howpublished = "\url{https://www.investopedia.com/tech/what-determines-value-1-bitcoin}",
   revised = "Poslední modifikace 16. Března 2021",
   cited = "!2021-04-19"
 }

@Book{Garfield:Just_My_Type,
author = "Garfield, Simon",
title = "Just My Type: A Book About Fonts",
publisher = "Profile Books",
year = "2010",
edition = "1",
adress = "London",
isbn = "978-80-7470-204-4
",
}